<?xml version="1.0" encoding="UTF-8"?><collection xmlns="http://www.loc.gov/MARC21/slim"><record><leader>00385nam--2200121-i-4500</leader><controlfield tag="001">000041683</controlfield><controlfield tag="002">20161230</controlfield><controlfield tag="005">20161230201043</controlfield><controlfield tag="008">060222s1000------------r-----000-0-eng-d</controlfield><datafield ind1=" " ind2=" " tag="080"><subfield code="a">613.6:621.039</subfield></datafield><datafield ind1=" " ind2=" " tag="245"><subfield code="a">Primul simpozion de igiena radiatiilor ionizante. rapoarte si comunicarile in rezumat. timisoara, 14-16 oct.1965</subfield></datafield><datafield ind1=" " ind2=" " tag="260"><subfield code="a">Timisoara, Inst.De Igiena, 1965. 107 P</subfield></datafield><datafield ind1=" " ind2=" " tag="852"><subfield code="a">25782</subfield></datafield></record></collection>